<record><leader>00000cas a22000007a 4500</leader><controlfield tag="001">13681342</controlfield><controlfield tag="008">860603d18841889paudn ne      0    0eng d</controlfield><datafield ind1=" " ind2=" " tag="010"><subfield code="a">sn 86081988 </subfield></datafield><datafield ind1=" " ind2=" " tag="040"><subfield code="a">NPH</subfield><subfield code="b">eng</subfield><subfield code="c">NPH</subfield><subfield code="d">NPX</subfield><subfield code="d">NPH</subfield><subfield code="d">OCLCQ</subfield></datafield><datafield ind1=" " ind2=" " tag="042"><subfield code="a">msc</subfield></datafield><datafield ind1="0" ind2=" " tag="130"><subfield code="a">Daily Republican (Pottsville, Pa. : 1884)</subfield></datafield><datafield ind1="1" ind2="4" tag="245"><subfield code="a">The daily Republican.</subfield></datafield><datafield ind1=" " ind2=" " tag="260"><subfield code="a">Pottsville, Pa. :</subfield><subfield code="b">J.H. Zerbey,</subfield><subfield code="c">1884-1889.</subfield></datafield><datafield ind1=" " ind2=" " tag="300"><subfield code="a">9 v.</subfield></datafield><datafield ind1=" " ind2=" " tag="310"><subfield code="a">Daily (except Sun.)</subfield></datafield><datafield ind1="0" ind2=" " tag="362"><subfield code="a">Vol. 1, no. 1 (Oct. 28, 1884)-v. 9, no. 148 (Apr. 19, 1889).</subfield></datafield><datafield ind1=" " ind2=" " tag="530"><subfield code="a">Also issued on microfilm from Microfilm Corp. of Pa.</subfield></datafield><datafield ind1=" " ind2=" " tag="580"><subfield code="a">Weekly ed.: Schuylkill Republican.</subfield></datafield><datafield ind1=" " ind2=" " tag="752"><subfield code="a">United States</subfield><subfield code="b">Pennsylvania</subfield><subfield code="c">Schuylkill</subfield><subfield code="d">Pottsville.</subfield></datafield><datafield ind1="1" ind2=" " tag="775"><subfield code="t">Schuylkill Republican</subfield><subfield code="w">(DLC)sn 86053643</subfield></datafield><datafield ind1="0" ind2="0" tag="785"><subfield code="t">Pottsville daily Republican (Pottsville, Pa. : 1889)</subfield><subfield code="w">(DLC)sn 86081989</subfield><subfield code="w">(OCoLC)13657584</subfield></datafield></record>